<?xml version="1.0" encoding="UTF-8"?><record xmlns="http://www.loc.gov/MARC21/slim" xmlns:cinclude="http://apache.org/cocoon/include/1.0" xmlns:zs="http://www.loc.gov/zing/srw/">
  <leader>00659cz  a2200145n  4500</leader>
  <controlfield tag="001">n  77006749 </controlfield>
  <controlfield tag="003">DLC</controlfield>
  <controlfield tag="005">20120802075113.0</controlfield>
  <controlfield tag="008">770822n| abannaabn          |n ana      </controlfield>
  <datafield tag="010" ind1=" " ind2=" ">
    <subfield code="a">n  77006749 </subfield>
  </datafield>
  <datafield tag="035" ind1=" " ind2=" ">
    <subfield code="a">(OCoLC)oca00123371</subfield>
  </datafield>
  <datafield tag="040" ind1=" " ind2=" ">
    <subfield code="a">DLC</subfield>
    <subfield code="b">eng</subfield>
    <subfield code="c">DLC</subfield>
    <subfield code="d">OCoLC</subfield>
    <subfield code="d">DLC</subfield>
  </datafield>
  <datafield tag="110" ind1="1" ind2=" ">
    <subfield code="a">Michigan.</subfield>
    <subfield code="b">Advisory Commission on Substance Abuse Services.</subfield>
    <subfield code="b">Research Committee</subfield>
  </datafield>
  <datafield tag="667" ind1=" " ind2=" ">
    <subfield code="a">THIS 1XX FIELD CANNOT BE USED UNDER RDA UNTIL THIS RECORD HAS BEEN REVIEWED AND/OR UPDATED</subfield>
  </datafield>
  <datafield tag="670" ind1=" " ind2=" ">
    <subfield code="a">Scientific Forum on Substance Abuse, East Lansing,</subfield>
    <subfield code="b">Mich., 1975. Substance Abuse ... 1976? (a.e.) t.p. (OSAS Advisory Commission's Research Committee) pref. (Walter D. Meester, chrmn.)</subfield>
  </datafield>
</record>